@inproceedings{Morlier,
author = {Bartoli, Nathalie and Kurek, I and Lafage, Rémi and Lefebvre, Thierry and Priem, Rémy and Bouhlel, Mohamed Amine and Morlier, Joseph and Stilz, V and Regis, Rommel},
year = {2016},
month = {06},
pages = {},
title = {Improvement of efficient global optimization with mixture of experts: methodology developments and preliminary results in aircraft wing design}
}

@article{Surrogate,
author = {Alexander I.J Forrester  and András Sóbester  and Andy J Keane },
title = {Multi-fidelity optimization via surrogate modelling},
journal = {Proceedings of the Royal Society A: Mathematical, Physical and Engineering Sciences},
volume = {463},
number = {2088},
pages = {3251-3269},
year = {2007},
doi = {10.1098/rspa.2007.1900}
}
@article{PC,
 ISSN = {00063444},
 author = {M. C. Kennedy and A. O'Hagan},
 journal = {Biometrika},
 number = {1},
 pages = {1--13},
 publisher = {[Oxford University Press, Biometrika Trust]},
 title = {Predicting the Output from a Complex Computer Code When Fast Approximations Are Available},
 volume = {87},
 year = {2000}
}


@article{MF,
author = {Xiao, Manyu and Zhang, Guohua and Breitkopf, Piotr and Villon, Pierre and Zhang, Weihong},
year = {2018},
month = {04},
pages = {120-131},
title = {Extended Co-Kriging interpolation method based on multi-fidelity data},
volume = {323},
journal = {Applied Mathematics and Computation},
doi = {10.1016/j.amc.2017.10.055}
}

@inproceedings{Delft,
author = {Scholcz, T.P.},
year = {2015},
month = {09},
pages = {},
title = {Multi-fidelity methods for fluid-structure interaction and uncertainty quantification}
}

@Article{bbf,
author="Jones, Donald R.
and Schonlau, Matthias
and Welch, William J.",
title="Efficient Global Optimization of Expensive Black-Box Functions",
journal="Journal of Global Optimization",
year="1998",
month="Dec",
day="01",
volume="13",
number="4",
pages="455--492",
}

@Article{Jones2001,
author="Jones, Donald R.",
title="A Taxonomy of Global Optimization Methods Based on Response Surfaces",
journal="Journal of Global Optimization",
year="2001",
month="Dec",
day="01",
volume="21",
number="4",
pages="345--383",
}

@article{RBF,
author = {Ariyarit, Atthaphon and Kanazaki, Masahiro},
year = {2017},
month = {12},
pages = {},
title = {Multi-Fidelity Multi-Objective Efficient Global Optimization Applied to Airfoil Design Problems},
volume = {17},
journal = {Applied Sciences},
doi = {10.3390/app7121318}
}
